@article{edmonds1965paths,
	title={Paths, trees, and flowers},
	author={Edmonds, Jack},
	journal={Canadian Journal of mathematics},
	volume={17},
	pages={449--467},
	year={1965},
	publisher={Cambridge University Press}
}